@article{anderson2007normative,
  title={Normative dissonance in science: Results from a national survey of US scientists},
  author={Anderson, Melissa S and Martinson, Brian C and De Vries, Raymond},
  journal={Journal of Empirical Research on Human Research Ethics},
  volume={2},
  number={4},
  pages={3--14},
  year={2007},
  publisher={SAGE Publications Sage CA: Los Angeles, CA}
}

 @misc{aaporstandards, 
 title={Standard Definitions: Final Dispositions of Case Codes and Outcome Rates for Surveys}, 
 howpublished={\url{https://www.aapor.org/AAPOR_Main/media/publications/Standard-Definitions20169theditionfinal.pdf}}, 
 journal={American Association for Public Opinion Research}, 
 author={AAPOR},
 year={2016}
 }

 @misc{aapor, 
 title={Best practices for survey research}, 
 howpublished={\url{https://www.aapor.org/Standards-Ethics/Best-Practices.aspx}}, 
 journal={American Association for Public Opinion Research}, 
 author={AAPOR},
 year={2022}
 }

@article{baker20161,
  title={1,500 scientists lift the lid on reproducibility},
  author={Baker, Monya},
  journal={Nature},
  volume={533},
  number={7604},
  year={2016}
}

@article{balz2020reproducibility,
  title={Reproducibility and replicability in SAR remote sensing},
  author={Balz, Timo and Rocca, Fabio},
  journal={IEEE Journal of Selected Topics in Applied Earth Observations and Remote Sensing},
  volume={13},
  pages={3834--3843},
  year={2020},
  publisher={IEEE}
}

@article{barba2018terminologies,
  title={Terminologies for reproducible research},
  author={Barba, Lorena A},
  journal={arXiv preprint arXiv:1802.03311},
  year={2018}
}

@article{begley2012raise,
  title={Raise standards for preclinical cancer research},
  author={Begley, C Glenn and Ellis, Lee M},
  journal={Nature},
  volume={483},
  number={7391},
  pages={531--533},
  year={2012},
  publisher={Nature Publishing Group}
}

@article{boulbes2018survey,
  title={A survey on data reproducibility and the effect of publication process on the ethical reporting of laboratory research},
  author={Boulbes, Delphine R and Costello, Tracy and Baggerly, Keith and Fan, Fan and Wang, Rui and Bhattacharya, Rajat and Ye, Xiangcang and Ellis, Lee M},
  journal={Clinical Cancer Research},
  volume={24},
  number={14},
  pages={3447--3455},
  year={2018},
  publisher={AACR}
}

 @misc{byrne_2017, 
    title={Making Progress Toward Open Data: Reflections on Data Sharing at PLOS ONE}, 
    url={https://everyone.plos.org/2017/05/08/making-progress-toward-open-data/}, 
    journal={EveryONE}, 
    publisher={PLOS ONE}, 
    author={Byrne, Meg}, 
    year={2017}
} 

@article{camerer2016evaluating,
  title={Evaluating replicability of laboratory experiments in economics},
  author={Camerer, Colin F and Dreber, Anna and Forsell, Eskil and Ho, Teck-Hua and Huber, J{\"u}rgen and Johannesson, Magnus and Kirchler, Michael and Almenberg, Johan and Altmejd, Adam and Chan, Taizan and others},
  journal={Science},
  volume={351},
  number={6280},
  pages={1433--1436},
  year={2016},
  publisher={American Association for the Advancement of Science}
}

@article{camerer2018evaluating,
  title={Evaluating the replicability of social science experiments in Nature and Science between 2010 and 2015},
  author={Camerer, Colin F and Dreber, Anna and Holzmeister, Felix and Ho, Teck-Hua and Huber, J{\"u}rgen and Johannesson, Magnus and Kirchler, Michael and Nave, Gideon and Nosek, Brian A and Pfeiffer, Thomas and others},
  journal={Nature Human Behaviour},
  volume={2},
  number={9},
  pages={637--644},
  year={2018},
  publisher={Nature Publishing Group}
}

@article{chang2015economics,
  title={Is economics research replicable? Sixty published papers from thirteen journals say'usually not'},
  author={Chang, Andrew C and Li, Phillip},
  year={2015},
  publisher={FEDS Working Paper}
}

@book{christensen2019,
  title={Transparent and reproducible social science research},
  author={Christensen, Garret and Freese, Jeremy and Miguel, Edward},
  year={2019},
  publisher={University of California Press}
}

@book{dillman2014internet,
  title={Internet, phone, mail, and mixed-mode surveys: the tailored design method},
  author={Dillman, Don A and Smyth, Jolene D and Christian, Leah Melani},
  year={2014},
  publisher={John Wiley \& Sons}
}

@article{earp2015,
  title={Replication, falsification, and the crisis of confidence in social psychology},
  author={Earp, Brian D and Trafimow, David},
  journal={Frontiers in psychology},
  volume={6},
  pages={621},
  year={2015},
  publisher={Frontiers}
}

@article{fanelli2009many,
  title={How many scientists fabricate and falsify research? A systematic review and meta-analysis of survey data},
  author={Fanelli, Daniele},
  journal={PloS one},
  volume={4},
  number={5},
  pages={e5738},
  year={2009},
  publisher={Public Library of Science San Francisco, USA}
}

@article{fraser2018questionable,
  title={Questionable research practices in ecology and evolution},
  author={Fraser, Hannah and Parker, Tim and Nakagawa, Shinichi and Barnett, Ashley and Fidler, Fiona},
  journal={PloS one},
  volume={13},
  number={7},
  pages={e0200303},
  year={2018},
  publisher={Public Library of Science San Francisco, CA USA}
}

@article{goodchild2021Annals,
  title={Introduction: Forum on reproducibility and replicability in geography},
  author={Goodchild, Michael F and Fotheringham, A Stewart and Kedron, Peter and Li, Wenwen},
  journal={Annals of the American Association of Geographers},
  volume={111},
  number={5},
  pages={1271--1274},
  year={2021},
  publisher={Taylor \& Francis}
}

@inproceedings{gundersen2018state,
  title={State of the art: Reproducibility in artificial intelligence},
  author={Gundersen, Odd Erik and Kjensmo, Sigbj{\o}rn},
  booktitle={Proceedings of the AAAI Conference on Artificial Intelligence},
  volume={32},
  number={1},
  year={2018}
}

@inproceedings{hofer2019reproducible,
  title={Reproducible Publications at AGILE Conferences--Proposed Guidelines for Authors and Reviewers},
  author={Hofer, Barbara and Broman, Karl W and Granell, Carlos and Graser, Anita and Hettne, Kristina and Daniel N{\"u}st, D and Teperek, M},
  booktitle={Accepted Short Papers and Posters from the 22nd AGILE Conference on Geo-information Science, Limassol, Chipre, Editorial, Stichting AGILE},
  year={2019}
}

@article{iqbal2016reproducible,
  title={Reproducible research practices and transparency across the biomedical literature},
  author={Iqbal, Shareen A and Wallach, Joshua D and Khoury, Muin J and Schully, Sheri D and Ioannidis, John PA},
  journal={PLoS biology},
  volume={14},
  number={1},
  pages={e1002333},
  year={2016},
  publisher={Public Library of Science San Francisco, CA USA}
}

@article{kedron2021GA,
  title={Reproducibility and replicability in geographical analysis},
  author={Kedron, Peter and Frazier, Amy E and Trgovac, Andrew B and Nelson, Trisalyn and Fotheringham, A Stewart},
  journal={Geographical Analysis},
  volume={53},
  number={1},
  pages={135--147},
  year={2021},
  publisher={Wiley Online Library}
}

@article{kedron2021IJGIS,
  title={Reproducibility and replicability: opportunities and challenges for geospatial research},
  author={Kedron, Peter and Li, Wenwen and Fotheringham, Stewart and Goodchild, Michael},
  journal={International Journal of Geographical Information Science},
  volume={35},
  number={3},
  pages={427--445},
  year={2021},
  publisher={Taylor \& Francis}
}

@article{kedron2021JGHE,
  title={Using the specification curve to teach spatial data analysis and explore geographic uncertainties},
  author={Kedron, Peter and Quick, Matthew and Hilgendorf, Zach and Sachdeva, Mehak},
  journal={Journal of Geography in Higher Education},
  pages={1--11},
  year={2021},
  publisher={Taylor \& Francis}
}

@article{kedron2022replication,
  title={Replication and the search for the laws in the geographic sciences},
  author={Kedron, Peter and Holler, Joseph},
  journal={Annals of GIS},
  volume={28},
  number={1},
  pages={45--56},
  year={2022},
  publisher={Taylor \& Francis}
}

@misc{Kedron_Holler_Bardin_Hilgendorf_2022,
  title={Reproducibility, Replicability, and Open Science Practices in the Geographical Sciences},
  howpublished ={\url{osf.io/c5a2r}},
  doi={10.17605/OSF.IO/C5A2R},
  publisher={OSF},
  author={Kedron, Peter and Holler, Joseph and Bardin, Sarah and Hilgendorf, Zach},
  year={2022},
  month={Mar}
}

@misc{Kedron_Survey_PAP,
    title={A Survey of Reproducibility in Geographic Research},
    howpublished={\url{https://osf.io/6zjcp}},
    doi={10.17605/OSF.IO/6ZJCP},
    author={Kedron, Peter and Holler, Joseph and Bardin, Sarah},
    year={2022},
    month={May}
}

@misc{Kedron_SaffaryRP,
  title={Reproduction of Saffary et al 2020},
  url={osf.io/qfkg4},
  publisher={OSF},
  author={Kedron, Peter and Bardin, Sarah and Holler, Joseph and Gilman, Joshua and Grady, Bryant and Seeley, Megan and Wang, Xin and Yang, Wenxin},
  year={2022},
  month={Apr}
}

@misc{Kedron_VijayanRP,
  title={Reproduction of Vijayan et al 2020},
  url={osf.io/my5dz},
  publisher={OSF},
  author={Kedron, Peter and Bardin, Sarah and Holler, Joseph and Gilman, Joshua and Grady, Bryant and Seeley, Megan and Wang, Xin and Yang, Wenxin},
  year={2022},
  month={Apr}
}

 @misc{Kedron_MollaloRP,
  title={Reproduction of Mollalo et al 2020},
  url={osf.io/e43kq},
  publisher={OSF},
  author={Kedron, Peter and Bardin, Sarah and Holler, Joseph and Gilman, Joshua and Grady, Bryant and Seeley, Megan and Wang, Xin and Yang, Wenxin},
  year={2022},
  month={Apr}
}

@article{Kedron2021ssrn,
author = {Kedron, Peter and Bardin, Sarah and Hoffman, Tyler and Sachdeva, Mehak and Quick, Matthew and Holler, Joseph},
doi = {10.2139/ssrn.3995296},
file = {:C\:/Users/josephh/Documents/Mendeley Desktop/A Replication of Dimaggio Et Al. (2020) in Phoenix, AZ.pdf:pdf},
isbn = {0000000223812},
issn = {1556-5068},
journal = {SSRN Electronic Journal},
pages = {0--2},
title = {{A Replication of Dimaggio Et Al. (2020) in Phoenix, AZ}},
url = {https://www.ssrn.com/abstract=3995296},
year = {2021}
}

@article{konkol2019,
  title={Computational reproducibility in geoscientific papers: Insights from a series of studies with geoscientists and a reproduction study},
  author={Konkol, Markus and Kray, Christian and Pfeiffer, Max},
  journal={International Journal of Geographical Information Science},
  volume={33},
  number={2},
  pages={408--429},
  year={2019},
  publisher={Taylor \& Francis}
}

@article{moraila2014measuring,
  title={Measuring reproducibility in computer systems research},
  author={Moraila, Gina and Shankaran, Akash and Shi, Zuoming and Warren, Alex M},
  journal={PLoS Comput Biol},
  volume={9},
  year={2014}
}

@book{NASEM2019,
  title={Reproducibility and Replicability in Science},
  author={NASEM},
  year={2019},
  publisher={National Academies Press}
}

@article{nichols2021,
  title={Opinion: A better approach for dealing with reproducibility and replicability in science},
  author={Nichols, James D and Oli, Madan K and Kendall, William L and Boomer, G Scott},
  journal={Proceedings of the National Academy of Sciences},
  volume={118},
  number={7},
  pages={e2100769118},
  year={2021},
  publisher={National Acad Sciences}
}

@article{nosek2020,
  title={What is replication?},
  author={Nosek, Brian A and Errington, Timothy M},
  journal={PLoS biology},
  volume={18},
  number={3},
  pages={e3000691},
  year={2020},
  publisher={Public Library of Science San Francisco, CA USA}
}

@article{nust2018,
  title={Reproducible research and GIScience: an evaluation using AGILE conference papers},
  author={N{\"u}st, Daniel and Granell, Carlos and Hofer, Barbara and Konkol, Markus and Ostermann, Frank O and Sileryte, Rusne and Cerutti, Valentina},
  journal={PeerJ},
  volume={6},
  pages={e5072},
  year={2018},
  publisher={PeerJ Inc.}
}

@article{nust2019,
  title={containerit: Generating Dockerfiles for reproducible research with R},
  author={N{\"u}st, Daniel and Hinz, Matthias},
  journal={Journal of Open Source Software},
  volume={4},
  number={40},
  pages={1603},
  year={2019}
}

  @misc{Nust_AGILE_2020,
  title={Reproducibility Reviews AGILE 2020},
  url={osf.io/6k5fh},
  DOI={10.17605/OSF.IO/6K5FH},
  publisher={OSF},
  author={Nüst, Daniel and Ostermann, Frank O and Granell, Carlos and Kmoch, Alexander},
  year={2020},
}

@misc{Nust2021AGILE,
    author= {N{\"u}st, Daniel and Ostermann, Frank and Hofer, Barbara and Granell, Carlos and Sileryte, Rusne},
    title= {Reproducible Research at AGILE},
    url={https://reproducible-agile.github.io/},
    year={2021}
}

@misc{Nust_AGILE_2022,
  title={Reproducibility Reviews AGILE 2022},
  url={osf.io/r5w79},
  publisher={OSF},
  author={Nüst, Daniel and Ostermann, Frank O and Koukouraki, Eftychia and Friese, Philipp A and Krukar, Jakub and Decoupes, Rémy and Granell, Carlos and Tomai, Eleni},
  year={2022},
}

@article{nust2021,
  title={Practical reproducibility in geography and geosciences},
  author={N{\"u}st, Daniel and Pebesma, Edzer},
  journal={Annals of the American Association of Geographers},
  volume={111},
  number={5},
  pages={1300--1310},
  year={2021},
  publisher={Taylor \& Francis}
}

@article{open2015estimating,
  title={Estimating the reproducibility of psychological science},
  author={Open Science Collaboration},
  journal={Science},
  volume={349},
  number={6251},
  pages={aac4716},
  year={2015},
  publisher={American Association for the Advancement of Science}
}

@article{ostermann2017,
  title={Advancing science with VGI: Reproducibility and replicability of recent studies using VGI},
  author={Ostermann, Frank O and Granell, Carlos},
  journal={Transactions in GIS},
  volume={21},
  number={2},
  pages={224--237},
  year={2017},
  publisher={Wiley Online Library}
}

@InProceedings{ostermann2021,
  author =	{Ostermann, Frank O. and N\"{u}st, Daniel and Granell, Carlos and Hofer, Barbara and Konkol, Markus},
  title =	{{Reproducible Research and GIScience: An Evaluation Using GIScience Conference Papers}},
  booktitle =	{11th International Conference on Geographic Information Science (GIScience 2021) - Part II},
  pages =	{2:1--2:16},
  series =	{Leibniz International Proceedings in Informatics (LIPIcs)},
  ISBN =	{978-3-95977-208-2},
  ISSN =	{1868-8969},
  year =	{2021},
  volume =	{208},
  editor =	{Janowicz, Krzysztof and Verstegen, Judith A.},
  publisher =	{Schloss Dagstuhl -- Leibniz-Zentrum f{\"u}r Informatik},
  address =	{Dagstuhl, Germany},
  URL =		{https://drops.dagstuhl.de/opus/volltexte/2021/14761},
  URN =		{urn:nbn:de:0030-drops-147615},
  doi =		{10.4230/LIPIcs.GIScience.2021.II.2},
  annote =	{Keywords: reproducible research, open science, reproducibility, GIScience}
}

@article{paez2022reproducibility,
  title={Reproducibility of research during COVID-19: Examining the case of population density and the basic reproductive rate from the perspective of spatial analysis},
  author={Paez, Antonio},
  journal={Geographical analysis},
  volume={54},
  number={4},
  pages={860--880},
  year={2022},
  publisher={Wiley Online Library}
}

@article{plesser2018reproducibility,
  title={Reproducibility vs. replicability: a brief history of a confused terminology},
  author={Plesser, Hans E},
  journal={Frontiers in neuroinformatics},
  volume={11},
  pages={76},
  year={2018},
  publisher={Frontiers}
}

@article{ranstam2000fraud,
  title={Fraud in medical research: an international survey of biostatisticians},
  author={Ranstam, Jonas and Buyse, Marc and George, Stephen L and Evans, Stephen and Geller, Nancy L and Scherrer, Bruno and Lesaffre, Emmanuel and Murray, Gordon and Edler, Lutz and Hutton, Jane L and others},
  journal={Controlled clinical trials},
  volume={21},
  number={5},
  pages={415--427},
  year={2000},
  publisher={Elsevier}
}

@inproceedings{stodden2018enabling,
  title={Enabling the verification of computational results: An empirical evaluation of computational reproducibility},
  author={Stodden, Victoria and Krafczyk, Matthew S and Bhaskar, Adhithya},
  booktitle={Proceedings of the First International Workshop on Practical Reproducible Evaluation of Computer Systems},
  pages={1--5},
  year={2018}
}

@article{stodden2018empirical,
  title={An empirical analysis of journal policy effectiveness for computational reproducibility},
  author={Stodden, Victoria and Seiler, Jennifer and Ma, Zhaokun},
  journal={Proceedings of the National Academy of Sciences},
  volume={115},
  number={11},
  pages={2584--2589},
  year={2018},
  publisher={National Acad Sciences}
}

@article{sumner2020reproducibility,
  title={Reproducibility and reporting practices in COVID-19 preprint manuscripts},
  author={Sumner, Josh and Haynes, Leah and Nathan, Sarah and Hudson-Vitale, Cynthia and McIntosh, Leslie D},
  journal={medRxiv},
  pages={2020--03},
  year={2020},
  publisher={Cold Spring Harbor Laboratory Press}
}

@article{wagenmakers2016registered,
  title={Registered replication report: strack, martin, \& stepper (1988)},
  author={Wagenmakers, E-J and Beek, Titia and Dijkhoff, Laura and Gronau, Quentin F and Acosta, A and Adams Jr, RB and Albohn, DN and Allard, ES and Benning, Stephen D and Blouin-Hudon, E-M and others},
  journal={Perspectives on Psychological Science},
  volume={11},
  number={6},
  pages={917--928},
  year={2016},
  publisher={Sage Publications Sage CA: Los Angeles, CA}
}

@article{wilson2021,
  title={A five-star guide for achieving replicability and reproducibility when working with GIS software and algorithms},
  author={Wilson, John P and Butler, Kevin and Gao, Song and Hu, Yingjie and Li, Wenwen and Wright, Dawn J},
  journal={Annals of the American Association of Geographers},
  volume={111},
  number={5},
  pages={1311--1317},
  year={2021},
  publisher={Taylor \& Francis}
}